<?xml version="1.0" encoding="UTF-8"?><record xmlns="http://www.loc.gov/MARC21/slim" xmlns:cinclude="http://apache.org/cocoon/include/1.0" xmlns:zs="http://www.loc.gov/zing/srw/">
  <leader>00718cz  a2200133n  4500</leader>
  <controlfield tag="001">n  86827816 </controlfield>
  <controlfield tag="003">DLC</controlfield>
  <controlfield tag="005">20080421080008.0</controlfield>
  <controlfield tag="008">860519n| acannaabn          |n and      </controlfield>
  <datafield tag="010" ind1=" " ind2=" ">
    <subfield code="a">n  86827816 </subfield>
  </datafield>
  <datafield tag="035" ind1=" " ind2=" ">
    <subfield code="a">(OCoLC)oca01583259</subfield>
  </datafield>
  <datafield tag="040" ind1=" " ind2=" ">
    <subfield code="a">DLC</subfield>
    <subfield code="b">eng</subfield>
    <subfield code="c">DLC</subfield>
    <subfield code="d">OCoLC</subfield>
  </datafield>
  <datafield tag="110" ind1="1" ind2=" ">
    <subfield code="a">United States.</subfield>
    <subfield code="b">Interagency Advisory Committee on Water Data.</subfield>
    <subfield code="b">Subcommittee on Sedimentation.</subfield>
    <subfield code="b">Technical Committee.</subfield>
    <subfield code="b">Meeting</subfield>
  </datafield>
  <datafield tag="670" ind1=" " ind2=" ">
    <subfield code="a">nuc86-43122: Its ResumeĚ of meeting, 1983?</subfield>
    <subfield code="b">(hdg. on DI-GS rept.: United States. Interagency Advisory Committee on Water Data. Subcommittee on Sedimentation. Technical Committee. Meeting; usage: Meeting of Technical Committee of the Subcommittee on Sedimentation, Interagency Advisory Committee on Water Data)</subfield>
  </datafield>
</record>